@misc{MVVM,
    title = {{MVVM}},
    year = {2012},
    author = {{Microsoft}},
    url = {https://docs.microsoft.com/en-us/previous-versions/msp-n-p/hh848246(v=pandp.10)}
}

@article{Scrum,
    title = {{Projektgruppens Scrum Anvendelse}},
    year = {2019},
    author = {5, Projektruppe},
    pages = {2}
}

@article{securestring,
    title = {{SecureString}},
    year = {2017},
    author = {{Microsoft}},
    pages = {10},
    url = {https://docs.microsoft.com/en-us/dotnet/api/system.security.securestring?view=netframework-4.8}
}

@article{Security,
    title = {{Software Integrity Blog}},
    year = {2017},
    journal = {Synopsys},
    author = {{Tejas Dakve}},
    pages = {6},
    url = {https://www.synopsys.com/blogs/software-security/attributes-of-secure-web-application-architecture/}
}

@article{fowler,
    title = {{The New Methodology}},
    year = {2015},
    author = {Fowler, Martin},
    pages = {1--18}
}

@article{ASE,
    title = {{Vejledning til udviklingsprocessen for projekt 3}},
    year = {2014},
    author = {Mikkelsen, Peter HÃ¸gh},
    pages = {1--9},
    volume = {3},
    url = {http://studerende.au.dk/studier/fagportaler/diplomingenioer/undervisningdiplom/projektvejledning-katrinebjerg/}
}